<?xml version="1.0" encoding="UTF-8"?><collection xmlns="http://www.loc.gov/MARC21/slim"><record><leader>00601nam--2200205-i-4500</leader><controlfield tag="001">000008676</controlfield><controlfield tag="002">20161230</controlfield><controlfield tag="005">20161230201027</controlfield><controlfield tag="008">060222s1000------------r-----000-0-rus-d</controlfield><datafield ind1=" " ind2=" " tag="040"><subfield code="a">IFIN-HH</subfield></datafield><datafield ind1=" " ind2=" " tag="041"><subfield code="a">rus</subfield></datafield><datafield ind1=" " ind2=" " tag="080"><subfield code="a">539.1(082.1)</subfield></datafield><datafield ind1="1" ind2=" " tag="100"><subfield code="a">Blatt, John M</subfield></datafield><datafield ind1="1" ind2="0" tag="245"><subfield code="a">Teoreticeskaia iadernaia fizika</subfield><subfield code="c">John m. blatt, victor f. weisskopf</subfield></datafield><datafield ind1=" " ind2=" " tag="260"><subfield code="a">Moskva</subfield><subfield code="b">Izdatelstvo Inostrannoi Literaturi</subfield><subfield code="c">1954</subfield></datafield><datafield ind1=" " ind2=" " tag="300"><subfield code="a">658P</subfield></datafield><datafield ind1=" " ind2=" " tag="500"><subfield code="a">Titlul Original In Limba Engleza: Theoretical Nuclear Physics</subfield></datafield><datafield ind1="1" ind2=" " tag="700"><subfield code="a">Weisskopf, Victor F</subfield></datafield><datafield ind1=" " ind2=" " tag="852"><subfield code="a">45694</subfield><subfield code="c">539</subfield></datafield><datafield ind1=" " ind2=" " tag="CAT"><subfield code="a">Sys</subfield><subfield code="c">20120320</subfield><subfield code="h">101734</subfield></datafield></record></collection>